<record><leader>00000cas a2200000 a 4500</leader><controlfield tag="001">24947807</controlfield><controlfield tag="008">911213c19919999vauzx n       0    0spa c</controlfield><datafield ind1=" " ind2=" " tag="010"><subfield code="a">sn 92030278 </subfield></datafield><datafield ind1=" " ind2=" " tag="040"><subfield code="a">VIC</subfield><subfield code="b">eng</subfield><subfield code="c">VIC</subfield><subfield code="d">IXA</subfield><subfield code="d">NVK</subfield><subfield code="d">OCLCQ</subfield><subfield code="d">NVK</subfield><subfield code="d">OCLCQ</subfield><subfield code="d">OCLCF</subfield><subfield code="d">OCLCO</subfield><subfield code="d">OCLCQ</subfield></datafield><datafield ind1=" " ind2=" " tag="012"><subfield code="i">9204</subfield></datafield><datafield ind1="0" ind2=" " tag="041"><subfield code="a">spa</subfield><subfield code="a">eng</subfield></datafield><datafield ind1=" " ind2=" " tag="042"><subfield code="a">pcc</subfield></datafield><datafield ind1=" " ind2=" " tag="043"><subfield code="a">n-us-va</subfield></datafield><datafield ind1=" " ind2="4" tag="050"><subfield code="a">AP62</subfield><subfield code="b">.E2</subfield></datafield><datafield ind1="0" ind2="3" tag="245"><subfield code="a">El Eco de Virginia.</subfield></datafield><datafield ind1="3" ind2=" " tag="246"><subfield code="a">Eco</subfield></datafield><datafield ind1=" " ind2=" " tag="260"><subfield code="a">Norfolk, VA :</subfield><subfield code="b">El Eco de Virginia,</subfield><subfield code="c">1991-</subfield></datafield><datafield ind1=" " ind2=" " tag="300"><subfield code="a">volumes :</subfield><subfield code="b">illustrations ;</subfield><subfield code="c">36 cm</subfield></datafield><datafield ind1=" " ind2=" " tag="336"><subfield code="a">text</subfield><subfield code="b">txt</subfield><subfield code="2">rdacontent</subfield></datafield><datafield ind1=" " ind2=" " tag="337"><subfield code="a">unmediated</subfield><subfield code="b">n</subfield><subfield code="2">rdamedia</subfield></datafield><datafield ind1=" " ind2=" " tag="338"><subfield code="a">volume</subfield><subfield code="b">nc</subfield><subfield code="2">rdacarrier</subfield></datafield><datafield ind1="0" ind2=" " tag="362"><subfield code="a">Vol. 1, issue 1 (jul. 1991)-</subfield></datafield><datafield ind1=" " ind2=" " tag="500"><subfield code="a">El Echo de Virginia is published by: Suffolk news-herald.</subfield></datafield><datafield ind1=" " ind2=" " tag="500"><subfield code="a">Frequency varies.</subfield></datafield><datafield ind1=" " ind2=" " tag="546"><subfield code="a">Spanish and English.</subfield></datafield><datafield ind1=" " ind2="0" tag="650"><subfield code="a">Hispanic Americans</subfield><subfield code="z">Virginia</subfield><subfield code="v">Newspapers.</subfield></datafield><datafield ind1=" " ind2="0" tag="651"><subfield code="a">Hampton Roads (Va. : Harbor)</subfield><subfield code="v">Newspapers.</subfield></datafield><datafield ind1=" " ind2="0" tag="651"><subfield code="a">Richmond (Va.)</subfield><subfield code="v">Newspapers.</subfield></datafield><datafield ind1=" " ind2="7" tag="650"><subfield code="a">Hispanic Americans.</subfield><subfield code="2">fast</subfield><subfield code="0">(OCoLC)fst00957523</subfield></datafield><datafield ind1=" " ind2="7" tag="651"><subfield code="a">Virginia.</subfield><subfield code="2">fast</subfield><subfield code="0">(OCoLC)fst01204597</subfield></datafield><datafield ind1=" " ind2="7" tag="651"><subfield code="a">Virginia</subfield><subfield code="z">Hampton Roads (Harbor)</subfield><subfield code="2">fast</subfield><subfield code="0">(OCoLC)fst01719868</subfield></datafield><datafield ind1=" " ind2="7" tag="651"><subfield code="a">Virginia</subfield><subfield code="z">Richmond.</subfield><subfield code="2">fast</subfield><subfield code="0">(OCoLC)fst01205345</subfield></datafield><datafield ind1=" " ind2="7" tag="655"><subfield code="a">Newspapers.</subfield><subfield code="2">fast</subfield><subfield code="0">(OCoLC)fst01423814</subfield></datafield><datafield ind1=" " ind2=" " tag="850"><subfield code="a">TxU</subfield></datafield><datafield ind1="1" ind2=" " tag="029"><subfield code="a">AU@</subfield><subfield code="b">000020711457</subfield></datafield></record>